2111 3653
1918 95 2026 156 103

794 421 1137 480 LIBER
1194 423 1289 481 IV.

560 566 1547 644 ARGUMENTUM

74 720 354 830 ALcitho&
374 734 552 786 tamen,
589 739 682 771 una
711 740 813 772 cum
832 716 1083 789 sororibus,
1121 723 1385 788 constanter
1413 742 1470 776 ea
1497 723 1838 779 contemnebat.
1876 725 2028 778 Adeo-

193 808 248 846 ut
286 795 339 844 in
355 788 477 863 festo
500 795 665 843 varias
691 794 759 844 ad
781 797 924 844 colum
950 793 1164 860 historias
1198 797 1289 848 illae
1301 794 1401 859 fibi
1424 798 1630 848 invicem
1667 817 1866 850 narrare
1891 813 2028 868 coepe·

72 866 185 916 rint.
258 867 447 919 Partim
475 865 530 916 de
559 866 702 916 moris
738 866 1023 936 denigratis,
1049 869 1238 936 partim
1282 870 1338 919 de
1379 870 1599 938 Apolline
1641 867 1694 920 in
1736 875 2028 933 Eurynomen

70 938 211 1002 verso,
246 951 298 988 ut
339 954 445 988 cum
489 936 752 989 Leucothoe
789 935 1104 988 concumberet
1124 962 1138 989 .-
1179 936 1480 1011 quamobrem
1516 942 1681 1004 Clytie,
1721 944 1944 1019 :zelotypa
1969 943 2027 992 in

71 1011 410 1079 Heliotropiam
452 1009 604 1068 fuerit
647 1023 835 1061 mutata
860 1033 873 1059 .·
905 1012 1094 1079 partim
1145 1014 1199 1063 de
1227 1012 1622 1083 Hermaphrodito
1660 1010 1718 1070 &¹
1753 1014 2026 1067 Salmacide

71 1082 263 1152 nympha
303 1084 357 1131 in
383 1099 525 1132 unum
555 1096 710 1152 corpus
738 1084 978 1137 concretis.
1050 1086 1148 1149 Qo
1162 1085 1315 1150 facio,
1337 1085 1517 1148 sorores
1541 1085 1648 1155 ipsae
1679 1087 1733 1136 in
1766 1087 2033 1157 vespertili-

69 1173 190 1222 ones,
235 1170 481 1223 earumque
500 1155 604 1204 telae
627 1156 680 1204 in
705 1156 855 1205 vitem
883 1151 941 1210 ὃ
960 1153 1590 1227 pampinos'transformatae
1613 1159 1752 1225 sunt.
1828 1164 1936 1210 Hac
1966 1159 2026 1210 de

70 1245 120 1276 re
156 1244 256 1276 cum
279 1229 444 1296 Agave
465 1226 719 1292 laetaretur‚
755 1244 954 1297 magnus
982 1228 1028 1277 ei
1051 1228 1174 1278 dolor
1194 1225 1375 1280 oblatus
1409 1229 1474 1295 est
1497 1253 1510 1279 .-
1558 1231 1741 1299 quando
1762 1235 1842 1282 Ino
1876 1226 1936 1287 &
1954 1236 2027 1282 A-

32 1339 35 1343 .
68 1296 255 1348 thamus
274 1299 326 1348 in
356 1315 484 1349 mare
503 1311 590 1367 per
608 1292 848 1363 insaniam
862 1299 1181 1368 prosiluerunt,
1219 1298 1420 1362 &fabii
1432 1303 1553 1365 sunt
1570 1302 1644 1352 dii
1667 1304 1865 1359 marini.
1902 1307 2025 1371 Qos

68 1370 177 1421 dum
197 1371 411 1421 mulieres
433 1366 659 1421 Thebanae
674 1386 757 1440 pro
783 1373 982 1424 mortuis
1000 1371 1261 1441 deplorant,
1283 1374 1337 1423 in
1349 1377 1483 1437 saxa
1513 1370 1570 1430 δέ)
1596 1375 1800 1426 volucres
1825 1393 2029 1427 commu-

68 1456 252 1493 tantur.
323 1442 532 1495 Cadmus
560 1459 739 1513 quoque
771 1441 860 1494 hac
899 1445 1183 1496 calamitate
1228 1462 1492 1511 commotus,
1526 1445 1709 1498 relictis
1741 1444 1932 1514 Thebis,
1966 1448 2024 1498 in

69 1515 274 1577 Illyrium
302 1533 402 1565 cum
428 1533 569 1566 uxore
594 1516 826 1585 profeHus
850 1515 934 1580 est.
1005 1512 1113 1566 vbi
1135 1530 1330 1588 uterque
1376 1519 1672 1589 anguineam
1700 1518 1911 1581 formam
1946 1536 2030 1570 ac·
2056 1529 2060 1532 ’

70 1589 211 1656 cepit.
279 1588 406 1639 Solus
429 1587 595 1657 itaque
615 1584 825 1653 restabat
844 1584 871 1640 ὲ
896 1588 1078 1639 Bacchi
1099 1589 1489 1661 contemptoribus
1511 1589 1735 1659 Acrisius,
1772 1609 1890 1642 avus
1911 1596 2029 1643 Per.

58 1661 176 1725 Jei:
211 1660 293 1728 qui
325 1662 545 1729 Gorgonis
571 1674 709 1728 caput
734 1662 1025 1730 amputavit.
1095 1665 1142 1713 E
1178 1666 1309 1730 cujus
1339 1666 1500 1736 guttis
1535 1664 1588 1712 in
1615 1677 1796 1713 terram
1832 1662 2026 1734 delapsis

69 1746 242 1800 angues
280 1734 433 1782 exorti
452 1733 579 1797 sunt,
614 1728 674 1788 ὅ
708 1734 958 1783 Atlantem
985 1734 1039 1783 in
1076 1747 1298 1800 montem,
1333 1735 1598 1807 virgasque,
1628 1735 1731 1805 post
1754 1733 2025 1787 Androme-

69 1806 181 1855 dam
207 1802 474 1868 liberatam,
512 1804 566 1853 in
601 1804 778 1874 lapides
827 1804 1078 1856 convertit.
1149 1812 1269 1856 Orto
1295 1808 1465 1861 deinde
1499 1810 1554 1857 in
1580 1809 1764 1877 nuptiis
1798 1808 2024 1882 tumultu,

70 1873 301 1931 Phineum
343 1893 449 1928 cum
461 1876 585 1940 suis,
617 1894 805 1948 unaque
829 1882 1035 1936 Praetum
1060 1873 1120 1934 &
1141 1879 1425 1949 Polydeuen,
1453 1881 1624 1947 saxeos
1661 1877 1890 1939 reddidit,

915 3130 1164 3225 221³de
1204 3151 1246 3221 4-
1654 3135 2011 3203 Rovm.
